<collection xmlns="http://www.loc.gov/MARC21/slim">
<record>
  <leader>02186nam0a2200349 i 450 </leader>
  <controlfield tag="001">IT\ICCU\CNCE\013680</controlfield>
  <controlfield tag="005">20111118000000.0</controlfield>
  <datafield tag="012" ind1=" " ind2=" ">
    <subfield code="a">j.e. I.a. iaeo Andu (3) 1594 (R)</subfield>
    <subfield code="2">fei</subfield>
    <subfield code="9">1</subfield>
  </datafield>
  <datafield tag="012" ind1=" " ind2=" ">
    <subfield code="a">9.ti 6.5. losi etFi (3) 1594 (R)</subfield>
    <subfield code="2">fei</subfield>
    <subfield code="9">2</subfield>
  </datafield>
  <datafield tag="100" ind1=" " ind2=" ">
    <subfield code="a">19970101d1594        0itac0103    ba</subfield>
  </datafield>
  <datafield tag="101" ind1=" " ind2=" ">
    <subfield code="a">LAT</subfield>
  </datafield>
  <datafield tag="102" ind1=" " ind2=" ">
    <subfield code="a">IT</subfield>
  </datafield>
  <datafield tag="200" ind1="1" ind2=" ">
    <subfield code="a">℗Didaci Couarruuias a Leyua ℗Omnia opera multo quam prius emendatiora, ac multis in locis auctiora: in duos diuisa tomos, prior tria continet opuscula, posterior autem septem ... Ad finem appositus est rerum insignium index utrique tomo communis, et locupletissimus. Ea vero omnia, quae ab ipso auctore etiam paulo ante obitum suum addita sunt ... in hac postrema Taurinensi editione ...  Tomus primus \-secundus!</subfield>
  </datafield>
  <datafield tag="210" ind1=" " ind2=" ">
    <subfield code="a">Augustae Taurinorum</subfield>
    <subfield code="c">apud Ioan. Dominicum Tarinum</subfield>
    <subfield code="d">1594</subfield>
  </datafield>
  <datafield tag="215" ind1=" " ind2=" ">
    <subfield code="a">2 v.</subfield>
    <subfield code="d">fol</subfield>
  </datafield>
  <datafield tag="620" ind1=" " ind2=" ">
    <subfield code="a">IT</subfield>
    <subfield code="d">Torino</subfield>
  </datafield>
  <datafield tag="700" ind1=" " ind2="1">
    <subfield code="a">Covarrubias y Leiva,</subfield>
    <subfield code="b">Diego</subfield>
    <subfield code="3">IT\ICCU\CNCA\003554</subfield>
  </datafield>
  <datafield tag="712" ind1="0" ind2="0">
    <subfield code="a">Tarino, Giovanni Domenico</subfield>
    <subfield code="3">IT\ICCU\CNCT\000675</subfield>
    <subfield code="4">650</subfield>
  </datafield>
  <datafield tag="790" ind1=" " ind2="1">
    <subfield code="a">Covarruvias a Leyva,</subfield>
    <subfield code="b">Didacus</subfield>
    <subfield code="3">IT\ICCU\CNCA\013819</subfield>
    <subfield code="z">Covarrubias y Leiva, Diego</subfield>
  </datafield>
  <datafield tag="791" ind1="0" ind2="0">
    <subfield code="a">Tarinus, Ioannes Dominicus</subfield>
    <subfield code="3">IT\ICCU\CNCT\005573</subfield>
    <subfield code="z">Tarino, Giovanni Domenico</subfield>
  </datafield>
  <datafield tag="801" ind1=" " ind2="3">
    <subfield code="a">IT</subfield>
    <subfield code="b">ICCU</subfield>
    <subfield code="c">20201114</subfield>
  </datafield>
  <datafield tag="899" ind1=" " ind2=" ">
    <subfield code="a">Biblioteca universitaria. Bologna</subfield>
    <subfield code="1">BO0098</subfield>
    <subfield code="2">UBO BU</subfield>
  </datafield>
  <datafield tag="899" ind1=" " ind2=" ">
    <subfield code="a">Biblioteca di Castelcapuano. Napoli</subfield>
    <subfield code="1">NA0523</subfield>
    <subfield code="2">NAP DM</subfield>
  </datafield>
  <datafield tag="899" ind1=" " ind2=" ">
    <subfield code="a">Biblioteca Cathariniana. Pisa</subfield>
    <subfield code="1">PI0027</subfield>
    <subfield code="2">RT1 QW</subfield>
  </datafield>
  <datafield tag="899" ind1=" " ind2=" ">
    <subfield code="a">Biblioteca di Giurisprudenza. Sede del Seminario per le scienze giuridiche e politiche dell&apos;Universit ̉di Pisa. Pisa</subfield>
    <subfield code="1">PI0188</subfield>
    <subfield code="2">ZPI 10</subfield>
  </datafield>
  <datafield tag="899" ind1=" " ind2=" ">
    <subfield code="a">Biblioteca del Seminario vescovile maggiore. Parma</subfield>
    <subfield code="1">PR0043</subfield>
    <subfield code="2">PBE 73</subfield>
  </datafield>
  <datafield tag="899" ind1=" " ind2=" ">
    <subfield code="a">Biblioteca comunale Forteguerriana. Pistoia</subfield>
    <subfield code="1">PT0025</subfield>
    <subfield code="2">RT1 IE</subfield>
  </datafield>
  <datafield tag="899" ind1=" " ind2=" ">
    <subfield code="a">Biblioteca del Teresianum. Roma</subfield>
    <subfield code="1">RM0716</subfield>
    <subfield code="2">ZRM 46</subfield>
  </datafield>
  <datafield tag="899" ind1=" " ind2=" ">
    <subfield code="a">Biblioteca civica Pio Rajna. Sondrio</subfield>
    <subfield code="1">SO0040</subfield>
    <subfield code="2">ZSO 01</subfield>
  </datafield>
  <datafield tag="899" ind1=" " ind2=" ">
    <subfield code="a">Biblioteca del Seminario arcivescovile. Torino</subfield>
    <subfield code="1">TO0326</subfield>
    <subfield code="2">TO0 97</subfield>
  </datafield>
  <datafield tag="899" ind1=" " ind2=" ">
    <subfield code="a">Biblioteca comunale. Treviso</subfield>
    <subfield code="1">TV0114</subfield>
    <subfield code="2">VIA CT</subfield>
  </datafield>
  <datafield tag="921" ind1=" " ind2=" ">
    <subfield code="a">IT\ICCU\CNCM\001638</subfield>
    <subfield code="b">Leone rampante con serpente intorno al collo. In basso scudo con iniziali GDT. In cornice figurata</subfield>
    <subfield code="e">Nec solis viribus</subfield>
    <subfield code="c">U522</subfield>
    <subfield code="d">Dimensioni: 15 x 16</subfield>
    <subfield code="f">LEONE</subfield>
    <subfield code="f">SERPENTE</subfield>
    <subfield code="g">1594</subfield>
  </datafield>
</record>
</collection>
